<record><leader>00000cas a2200000 a 4500</leader><controlfield tag="001">11305938</controlfield><controlfield tag="008">841024d193419uunyuwr ne      0    0eng c</controlfield><datafield ind1=" " ind2=" " tag="010"><subfield code="a">sn 84031880 </subfield></datafield><datafield ind1=" " ind2=" " tag="040"><subfield code="a">NYG</subfield><subfield code="b">eng</subfield><subfield code="c">NYG</subfield><subfield code="d">NYS</subfield><subfield code="d">OCLCQ</subfield><subfield code="d">OCLCF</subfield><subfield code="d">OCLCO</subfield></datafield><datafield ind1="1" ind2=" " tag="029"><subfield code="a">AU@</subfield><subfield code="b">000007991608</subfield></datafield><datafield ind1=" " ind2=" " tag="042"><subfield code="a">pcc</subfield></datafield><datafield ind1=" " ind2=" " tag="043"><subfield code="a">n-us-ny</subfield></datafield><datafield ind1="0" ind2="0" tag="245"><subfield code="a">Nassau County times, Willistonian and the community booster.</subfield></datafield><datafield ind1="3" ind2="0" tag="246"><subfield code="a">Nassau County times</subfield></datafield><datafield ind1="3" ind2="0" tag="246"><subfield code="a">Willistonian and the community booster</subfield></datafield><datafield ind1=" " ind2=" " tag="260"><subfield code="a">Mineola, N.Y. :</subfield><subfield code="b">Nassau Pub. Co.</subfield></datafield><datafield ind1=" " ind2=" " tag="300"><subfield code="a">v. :</subfield><subfield code="b">ill. ;</subfield><subfield code="c">56 cm.</subfield></datafield><datafield ind1=" " ind2=" " tag="310"><subfield code="a">Weekly</subfield></datafield><datafield ind1="1" ind2=" " tag="362"><subfield code="a">Began in 1934?</subfield></datafield><datafield ind1=" " ind2=" " tag="500"><subfield code="a">Published by Nassau Pub. Co., Inc., &lt;1934&gt;-1936; and Tamor Pub. Co., Inc., 1936-</subfield></datafield><datafield ind1=" " ind2=" " tag="515"><subfield code="a">Issue for June 1, 1934 incorrectly numbered but constitutes vol. 12, no. 38.</subfield></datafield><datafield ind1=" " ind2=" " tag="580"><subfield code="a">Formed by the union of: Nassau County times, and: Willistonian (Williston Park, N.Y.), and: Community booster (Mineola, N.Y.).</subfield></datafield><datafield ind1=" " ind2=" " tag="588"><subfield code="a">Description based on: Vol. 12, no. 31 (Apr. 5, 1934).</subfield></datafield><datafield ind1=" " ind2=" " tag="588"><subfield code="a">Latest issue consulted: Vol. 20, no. 21 (Mar. 6, 1941).</subfield></datafield><datafield ind1=" " ind2="0" tag="651"><subfield code="a">Mineola (N.Y.)</subfield><subfield code="v">Newspapers.</subfield></datafield><datafield ind1=" " ind2="0" tag="651"><subfield code="a">Williston Park (N.Y.)</subfield><subfield code="v">Newspapers.</subfield></datafield><datafield ind1=" " ind2="0" tag="651"><subfield code="a">Nassau County (N.Y.)</subfield><subfield code="v">Newspapers.</subfield></datafield><datafield ind1=" " ind2="7" tag="655"><subfield code="a">Newspapers.</subfield><subfield code="2">fast</subfield><subfield code="0">(OCoLC)fst01423814</subfield></datafield><datafield ind1=" " ind2="7" tag="651"><subfield code="a">New York (State)</subfield><subfield code="z">Mineola.</subfield><subfield code="2">fast</subfield><subfield code="0">(OCoLC)fst01223780</subfield></datafield><datafield ind1=" " ind2="7" tag="651"><subfield code="a">New York (State)</subfield><subfield code="z">Nassau County.</subfield><subfield code="2">fast</subfield><subfield code="0">(OCoLC)fst01205518</subfield></datafield><datafield ind1=" " ind2="7" tag="651"><subfield code="a">New York (State)</subfield><subfield code="z">Williston Park.</subfield><subfield code="2">fast</subfield><subfield code="0">(OCoLC)fst01229058</subfield></datafield><datafield ind1=" " ind2=" " tag="752"><subfield code="a">United States</subfield><subfield code="b">New York</subfield><subfield code="c">Nassau</subfield><subfield code="d">Mineola.</subfield></datafield><datafield ind1="1" ind2="4" tag="780"><subfield code="t">Nassau County times</subfield></datafield><datafield ind1="1" ind2="4" tag="780"><subfield code="t">Willistonian (Williston Park, N.Y.)</subfield><subfield code="w">(DLC)sn 96083574</subfield><subfield code="w">(OCoLC)34304467</subfield></datafield><datafield ind1="1" ind2="4" tag="780"><subfield code="t">Community booster (Mineola, N.Y.)</subfield><subfield code="w">(DLC)sn 98067648</subfield><subfield code="w">(OCoLC)39751552</subfield></datafield></record>